%% This BibTeX bibliography file was created using BibDesk.
%% https://bibdesk.sourceforge.io/

%% Created for Ethan Kelly at 2021-05-17 19:53:58 +0100 


%% Saved with string encoding Unicode (UTF-8) 



@article{finbow_2009,
	author = {Stephen Finbow and Gary MacGillivray},
	date-added = {2021-05-17 19:53:53 +0100},
	date-modified = {2021-05-17 19:53:53 +0100},
	journal = {The Australasian Journal of Combinatorics},
	month = {02},
	title = {The Firefighter Problem: A survey of results, directions and questions},
	volume = {43},
	year = {2009}}

@conference{hartnell_1995,
	author = {B L Hartnell},
	booktitle = {25th Manitoba Conference on Combinatorial Mathematics and Computing},
	date-added = {2021-05-17 19:53:53 +0100},
	date-modified = {2021-05-17 19:53:53 +0100},
	organization = {University of Manitoba in Winnipeg, Canada},
	title = {Firefighter! An application of domination},
	year = {1995}}

@article{kiss_2014,
	author = {Kiss, Istvan Z. and Morris, Charles G. and S{\'e}lley, Fanni and Simon, P{\'e}ter L. and Wilkinson, Robert R.},
	date-added = {2021-05-17 19:53:53 +0100},
	date-modified = {2021-05-17 19:53:53 +0100},
	doi = {10.1007/s00285-014-0772-0},
	journal = {Journal of Mathematical Biology},
	number = {3},
	pages = {437--464},
	title = {Exact deterministic representation of Markovian ${SIR}$ epidemics on networks with and without loops},
	volume = {70},
	year = {2014},
	Bdsk-Url-1 = {https://doi.org/10.1007/s00285-014-0772-0}}

@article{padgett_1993,
	author = {John F. Padgett and Christopher K. Ansell},
	date-added = {2021-05-17 17:03:05 +0100},
	date-modified = {2021-05-17 17:04:04 +0100},
	journal = {American Journal of Sociology},
	month = {May},
	number = {6},
	pages = {1259-1319},
	title = {Robust Action and the Rise of the Medici, 1400-1434},
	volume = {98},
	year = {1993}}
